@INPROCEEDINGS {,
author = {G. R. Blakley},
booktitle = {Managing Requirements Knowledge, International Workshop on},
title = {Safeguarding cryptographic keys},
year = {1979},
volume = {},
issn = {},
pages = {313},
keywords = {},
doi = {10.1109/AFIPS.1979.98},
url = {https://doi.ieeecomputersociety.org/10.1109/AFIPS.1979.98},
publisher = {IEEE Computer Society},
address = {Los Alamitos, CA, USA},
month = {jun}
}